@book {MR798076,
    AUTHOR = {Passman, Donald S.},
     TITLE = {The algebraic structure of group rings},
      NOTE = {Reprint of the 1977 original},
 PUBLISHER = {Robert E. Krieger Publishing Co., Inc., Melbourne, FL},
      YEAR = {1985},
     PAGES = {xiv+734},
      ISBN = {0-89874-789-9},
   MRCLASS = {16-02 (16A26 16A27)},
  MRNUMBER = {798076},
}

@Article{zbMATH01077111,
 Author = {Bosma, Wieb and Cannon, John and Playoust, Catherine},
 Title = {The {Magma} algebra system. {I}: {The} user language},
 FJournal = {Journal of Symbolic Computation},
 Journal = {J. Symb. Comput.},
 ISSN = {0747-7171},
 Volume = {24},
 Number = {3-4},
 Pages = {235--265},
 Year = {1997},
 Language = {English},
 DOI = {10.1006/jsco.1996.0125},
 Keywords = {68W30},
 URL = {semanticscholar.org/paper/b7ebcec93f35e52ef14a41c9c9d55fa132987473},
 zbMATH = {1077111},
 Zbl = {0898.68039}
}

@Book{zbMATH01511060,
 Author = {Friedrich, Thomas},
 Title = {Dirac operators in {Riemannian} geometry. {Transl}. from the {German} by {Andreas} {Nestke}},
 FSeries = {Graduate Studies in Mathematics},
 Series = {Grad. Stud. Math.},
 ISSN = {1065-7338},
 Volume = {25},
 ISBN = {0-8218-2055-9},
 Year = {2000},
 Publisher = {Providence, RI: American Mathematical Society (AMS)},
 Language = {English},
 Keywords = {58J60,58-01,53C25},
 zbMATH = {1511060},
 Zbl = {0949.58032}
}

@Article{zbMATH01234865,
 Author = {Mirzakhani, M.},
 Title = {A simple proof of a theorem of {Schur}},
 FJournal = {American Mathematical Monthly},
 Journal = {Am. Math. Mon.},
 ISSN = {0002-9890},
 Volume = {105},
 Number = {3},
 Pages = {260--262},
 Year = {1998},
 Language = {English},
 DOI = {10.2307/2589084},
 Keywords = {15A27,20H20,15B33},
 zbMATH = {1234865},
 Zbl = {0916.15004}
}

@article {MR175940,
    AUTHOR = {Bergman, G. M.},
     TITLE = {Errata: ``{A} ring primitive on the right but not on the
              left''},
   JOURNAL = {Proc. Amer. Math. Soc.},
  FJOURNAL = {Proceedings of the American Mathematical Society},
    VOLUME = {15},
      YEAR = {1964},
     PAGES = {1000},
      ISSN = {0002-9939,1088-6826},
   MRCLASS = {16.42},
  MRNUMBER = {175940},
       DOI = {10.2307/2034929},
       URL = {https://doi.org/10.2307/2034929},
}

@Article{zbMATH03523733,
 Author = {Gustafson, William H.},
 Title = {On maximal commutative algebras of linear transformations},
 FJournal = {Journal of Algebra},
 Journal = {J. Algebra},
 ISSN = {0021-8693},
 Volume = {42},
 Pages = {557--563},
 Year = {1976},
 Language = {English},
 DOI = {10.1016/0021-8693(76)90114-9},
 Keywords = {13E10,16P10,13C10,16Gxx},
 zbMATH = {3523733},
 Zbl = {0335.13009}
}

@article {MR167497,
    AUTHOR = {Bergman, G. M.},
     TITLE = {A ring primitive on the right but not on the left},
   JOURNAL = {Proc. Amer. Math. Soc.},
  FJOURNAL = {Proceedings of the American Mathematical Society},
    VOLUME = {15},
      YEAR = {1964},
     PAGES = {473--475},
      ISSN = {0002-9939,1088-6826},
   MRCLASS = {16.42},
  MRNUMBER = {167497},
MRREVIEWER = {Carl\ Faith},
       DOI = {10.2307/2034527},
       URL = {https://doi.org/10.2307/2034527},
}

@article {MR1847590,
    AUTHOR = {Hertweck, Martin},
     TITLE = {A counterexample to the isomorphism problem for integral group
              rings},
   JOURNAL = {Ann. of Math. (2)},
  FJOURNAL = {Annals of Mathematics. Second Series},
    VOLUME = {154},
      YEAR = {2001},
    NUMBER = {1},
     PAGES = {115--138},
      ISSN = {0003-486X},
   MRCLASS = {20C05 (16S34 16U60 20C10)},
  MRNUMBER = {1847590},
MRREVIEWER = {Donald S. Passman},
       DOI = {10.2307/3062112},
       URL = {https://doi.org/10.2307/3062112},
}

@article {MR2319575,
    AUTHOR = {Pinter-Lucke, James},
     TITLE = {Commutativity conditions for rings: 1950--2005},
   JOURNAL = {Expo. Math.},
  FJOURNAL = {Expositiones Mathematicae},
    VOLUME = {25},
      YEAR = {2007},
    NUMBER = {2},
     PAGES = {165--174},
      ISSN = {0723-0869},
   MRCLASS = {16U80 (16-02)},
  MRNUMBER = {2319575},
       DOI = {10.1016/j.exmath.2006.07.001},
       URL = {https://doi.org/10.1016/j.exmath.2006.07.001},
}

@article {MR3548136,
    AUTHOR = {Kionke, Steffen and Raimbault, Jean},
     TITLE = {On geometric aspects of diffuse groups},
      NOTE = {With an appendix by Nathan Dunfield},
   JOURNAL = {Doc. Math.},
  FJOURNAL = {Documenta Mathematica},
    VOLUME = {21},
      YEAR = {2016},
     PAGES = {873--915},
      ISSN = {1431-0635},
   MRCLASS = {20F65 (20-04 20H15 22E40 57M07)},
  MRNUMBER = {3548136},
MRREVIEWER = {Nansen Petrosyan},
}

@article {MR1084707,
    AUTHOR = {Bergman, George M.},
     TITLE = {Right orderable groups that are not locally indicable},
   JOURNAL = {Pacific J. Math.},
  FJOURNAL = {Pacific Journal of Mathematics},
    VOLUME = {147},
      YEAR = {1991},
    NUMBER = {2},
     PAGES = {243--248},
      ISSN = {0030-8730},
   MRCLASS = {20F60 (06F15)},
  MRNUMBER = {1084707},
MRREVIEWER = {A. H. Rhemtulla},
       URL = {http://projecteuclid.org/euclid.pjm/1102644908},
}

@article {MR4472590,
    AUTHOR = {Margolis, Leo},
     TITLE = {The modular isomorphism problem: a survey},
   JOURNAL = {Jahresber. Dtsch. Math.-Ver.},
  FJOURNAL = {Jahresbericht der Deutschen Mathematiker-Vereinigung},
    VOLUME = {124},
      YEAR = {2022},
    NUMBER = {3},
     PAGES = {157--196},
      ISSN = {0012-0456},
   MRCLASS = {20C05 (16L60 16S34 20D15)},
  MRNUMBER = {4472590},
       DOI = {10.1365/s13291-022-00249-5},
       URL = {https://doi.org/10.1365/s13291-022-00249-5},
}

@article {MR4373245,
    AUTHOR = {Garc\'{\i}a-Lucas, Diego and Margolis, Leo and del R\'{\i}o, \'{A}ngel},
     TITLE = {Non-isomorphic 2-groups with isomorphic modular group
              algebras},
   JOURNAL = {J. Reine Angew. Math.},
  FJOURNAL = {Journal f\"{u}r die Reine und Angewandte Mathematik. [Crelle's
              Journal]},
    VOLUME = {783},
      YEAR = {2022},
     PAGES = {269--274},
      ISSN = {0075-4102},
   MRCLASS = {20C05 (20C20 20D05)},
  MRNUMBER = {4373245},
MRREVIEWER = {\.{I}pek Tuvay},
       DOI = {10.1515/crelle-2021-0074},
       URL = {https://doi.org/10.1515/crelle-2021-0074},
}

@article {MR240183,
    AUTHOR = {Lagrange, R. H. and Rhemtulla, A. H.},
     TITLE = {A remark on the group rings of order preserving permutation
              groups},
   JOURNAL = {Canad. Math. Bull.},
  FJOURNAL = {Canadian Mathematical Bulletin. Bulletin Canadien de
              Math\'{e}matiques},
    VOLUME = {11},
      YEAR = {1968},
     PAGES = {679--680},
      ISSN = {0008-4395},
   MRCLASS = {20.20},
  MRNUMBER = {240183},
MRREVIEWER = {Bhama Srinivasan},
       DOI = {10.4153/CMB-1968-081-9},
       URL = {https://doi.org/10.4153/CMB-1968-081-9},
}

@article {MR1815219,
    AUTHOR = {Bigelow, Stephen J.},
     TITLE = {Braid groups are linear},
   JOURNAL = {J. Amer. Math. Soc.},
  FJOURNAL = {Journal of the American Mathematical Society},
    VOLUME = {14},
      YEAR = {2001},
    NUMBER = {2},
     PAGES = {471--486},
      ISSN = {0894-0347},
   MRCLASS = {20F36 (57M07)},
  MRNUMBER = {1815219},
MRREVIEWER = {Darryl McCullough},
       DOI = {10.1090/S0894-0347-00-00361-1},
       URL = {https://doi.org/10.1090/S0894-0347-00-00361-1},
}

@article {MR1888796,
    AUTHOR = {Krammer, Daan},
     TITLE = {Braid groups are linear},
   JOURNAL = {Ann. of Math. (2)},
  FJOURNAL = {Annals of Mathematics. Second Series},
    VOLUME = {155},
      YEAR = {2002},
    NUMBER = {1},
     PAGES = {131--156},
      ISSN = {0003-486X},
   MRCLASS = {20F36 (57M07)},
  MRNUMBER = {1888796},
MRREVIEWER = {Luis Paris},
       DOI = {10.2307/3062152},
       URL = {https://doi.org/10.2307/3062152},
}

@book {MR3560661,
    AUTHOR = {Clay, Adam and Rolfsen, Dale},
     TITLE = {Ordered groups and topology},
    SERIES = {Graduate Studies in Mathematics},
    VOLUME = {176},
 PUBLISHER = {American Mathematical Society, Providence, RI},
      YEAR = {2016},
     PAGES = {x+154},
      ISBN = {978-1-4704-3106-8},
   MRCLASS = {57-02 (20F34 20F36 20F60 57M07 57M50)},
  MRNUMBER = {3560661},
MRREVIEWER = {Sebastian Wolfgang Hensel},
       DOI = {10.1090/gsm/176},
       URL = {https://doi.org/10.1090/gsm/176},
}

@book {MR2435235,
    AUTHOR = {Kassel, Christian and Turaev, Vladimir},
     TITLE = {Braid groups},
    SERIES = {Graduate Texts in Mathematics},
    VOLUME = {247},
      NOTE = {With the graphical assistance of Olivier Dodane},
 PUBLISHER = {Springer, New York},
      YEAR = {2008},
     PAGES = {xii+340},
      ISBN = {978-0-387-33841-5},
   MRCLASS = {20F36 (20C08 20F10 20F60 20M05 55R80 57M25 57M50)},
  MRNUMBER = {2435235},
MRREVIEWER = {Stephen P. Humphries},
       DOI = {10.1007/978-0-387-68548-9},
       URL = {https://doi.org/10.1007/978-0-387-68548-9},
}

@manual{GAP4,
    key          = "GAP",
    organization = "The GAP~Group",
    title        = "{GAP -- Groups, Algorithms, and Programming,
                    Version 4.13.1}",
    year         = 2024,
    url          = "\url{https://www.gap-system.org}",
    }

@book {MR2015465,
    AUTHOR = {Gardner, B. J. and Wiegandt, R.},
     TITLE = {Radical theory of rings},
    SERIES = {Monographs and Textbooks in Pure and Applied Mathematics},
    VOLUME = {261},
 PUBLISHER = {Marcel Dekker, Inc., New York},
      YEAR = {2004},
     PAGES = {xii+387},
      ISBN = {0-8247-5033-0},
   MRCLASS = {16N80 (17A65)},
  MRNUMBER = {2015465},
MRREVIEWER = {Edmund R. Puczy\l owski},
}

@article {MR1144353,
    AUTHOR = {Rosenholtz, Ira},
     TITLE = {A pigeonhole proof of {K}aplansky's theorem},
   JOURNAL = {Amer. Math. Monthly},
  FJOURNAL = {American Mathematical Monthly},
    VOLUME = {99},
      YEAR = {1992},
    NUMBER = {2},
     PAGES = {132--133},
      ISSN = {0002-9890,1930-0972},
   MRCLASS = {16U60},
  MRNUMBER = {1144353},
MRREVIEWER = {S.\ S.\ Page},
       DOI = {10.2307/2324181},
       URL = {https://doi.org/10.2307/2324181},
}

@book {MR896269,
    AUTHOR = {Scott, W. R.},
     TITLE = {Group theory},
   EDITION = {Second},
 PUBLISHER = {Dover Publications, Inc., New York},
      YEAR = {1987},
     PAGES = {xiv+479},
      ISBN = {0-486-65377-3},
   MRCLASS = {20-01},
  MRNUMBER = {896269},
}

@article {MR1546236,
    AUTHOR = {Zsigmondy, K.},
     TITLE = {Zur {T}heorie der {P}otenzreste},
   JOURNAL = {Monatsh. Math. Phys.},
  FJOURNAL = {Monatshefte f\"{u}r Mathematik und Physik},
    VOLUME = {3},
      YEAR = {1892},
    NUMBER = {1},
     PAGES = {265--284},
      ISSN = {1812-8076},
   MRCLASS = {DML},
  MRNUMBER = {1546236},
       DOI = {10.1007/BF01692444},
       URL = {https://doi.org/10.1007/BF01692444},
}


@article {MR3172590,
    AUTHOR = {Teleuca, M.},
     TITLE = {Zsigmondy's theorem and its applications in contest problems},
   JOURNAL = {Internat. J. Math. Ed. Sci. Tech.},
  FJOURNAL = {International Journal of Mathematical Education in Science and
              Technology},
    VOLUME = {44},
      YEAR = {2013},
    NUMBER = {3},
     PAGES = {443--451},
      ISSN = {0020-739X},
   MRCLASS = {11R18},
  MRNUMBER = {3172590},
       DOI = {10.1080/0020739X.2012.714493},
       URL = {https://doi.org/10.1080/0020739X.2012.714493},
}


@book {MR1321145,
    AUTHOR = {Kassel, Christian},
     TITLE = {Quantum groups},
    SERIES = {Graduate Texts in Mathematics},
    VOLUME = {155},
 PUBLISHER = {Springer-Verlag, New York},
      YEAR = {1995},
     PAGES = {xii+531},
      ISBN = {0-387-94370-6},
   MRCLASS = {17B37 (16W30 18D10 20F36 57M25 81R50)},
  MRNUMBER = {1321145},
MRREVIEWER = {Yu. N. Bespalov},
       DOI = {10.1007/978-1-4612-0783-2},
       URL = {https://doi.org/10.1007/978-1-4612-0783-2},
}

@book {MR1233388,
    AUTHOR = {Farb, Benson and Dennis, R. Keith},
     TITLE = {Noncommutative algebra},
    SERIES = {Graduate Texts in Mathematics},
    VOLUME = {144},
 PUBLISHER = {Springer-Verlag, New York},
      YEAR = {1993},
     PAGES = {xiv+223},
      ISBN = {0-387-94057-X},
   MRCLASS = {16-01},
  MRNUMBER = {1233388},
MRREVIEWER = {G\"{u}nter R. Krause},
       DOI = {10.1007/978-1-4612-0889-1},
       URL = {https://doi.org/10.1007/978-1-4612-0889-1},
}

@article {MR4334981,
    AUTHOR = {Gardam, Giles},
     TITLE = {A counterexample to the unit conjecture for group rings},
   JOURNAL = {Ann. of Math. (2)},
  FJOURNAL = {Annals of Mathematics. Second Series},
    VOLUME = {194},
      YEAR = {2021},
    NUMBER = {3},
     PAGES = {967--979},
      ISSN = {0003-486X},
   MRCLASS = {20C07},
  MRNUMBER = {4334981},
MRREVIEWER = {E. Formanek},
       DOI = {10.4007/annals.2021.194.3.9},
       URL = {https://doi.org/10.4007/annals.2021.194.3.9},
}

@article {MR0424776,
    AUTHOR = {Henriksen, Melvin},
     TITLE = {A simple characterization of commutative rings without maximal
              ideals},
   JOURNAL = {Amer. Math. Monthly},
  FJOURNAL = {American Mathematical Monthly},
    VOLUME = {82},
      YEAR = {1975},
     PAGES = {502--505},
      ISSN = {0002-9890,1930-0972},
   MRCLASS = {13-01},
  MRNUMBER = {424776},
MRREVIEWER = {William\ James\ Lewis},
       DOI = {10.2307/2319747},
       URL = {https://doi.org/10.2307/2319747},
}

@article {MR347890,
    AUTHOR = {Nagahara, Takasi and Tominaga, Hisao},
     TITLE = {Elementary proofs of a theorem of {W}edderburn and a theorem
              of {J}acobson},
   JOURNAL = {Abh. Math. Sem. Univ. Hamburg},
  FJOURNAL = {Abhandlungen aus dem Mathematischen Seminar der Universit\"{a}t
              Hamburg},
    VOLUME = {41},
      YEAR = {1974},
     PAGES = {72--74},
      ISSN = {0025-5858},
   MRCLASS = {16A40},
  MRNUMBER = {347890},
MRREVIEWER = {P. M. Cohn},
       DOI = {10.1007/BF02993501},
       URL = {https://doi.org/10.1007/BF02993501},
}

@article {MR360687,
    AUTHOR = {Taylor, D. E.},
     TITLE = {Some classical theorems on division rings},
   JOURNAL = {Enseign. Math. (2)},
  FJOURNAL = {L'Enseignement Math\'{e}matique. Revue Internationale. 2e S\'{e}rie},
    VOLUME = {20},
      YEAR = {1974},
     PAGES = {293--298},
      ISSN = {0013-8584},
   MRCLASS = {16A40},
  MRNUMBER = {360687},
MRREVIEWER = {H. Tominaga},
}


@article {MR212007,
    AUTHOR = {Gilmer, Jr., R. W.},
     TITLE = {If {$R[X]$} is {N}oetherian, {$R$} contains an identity},
   JOURNAL = {Amer. Math. Monthly},
  FJOURNAL = {American Mathematical Monthly},
    VOLUME = {74},
      YEAR = {1967},
     PAGES = {700},
      ISSN = {0002-9890},
   MRCLASS = {13.93},
  MRNUMBER = {212007},
       DOI = {10.2307/2314264},
       URL = {https://doi.org/10.2307/2314264},
}

@book {MR2278849,
    AUTHOR = {Lam, T. Y.},
     TITLE = {Exercises in modules and rings},
    SERIES = {Problem Books in Mathematics},
 PUBLISHER = {Springer, New York},
      YEAR = {2007},
     PAGES = {xviii+412},
      ISBN = {978-0-387-98850-4; 0-387-98850-5},
   MRCLASS = {16-01},
  MRNUMBER = {2278849},
MRREVIEWER = {Jonathan Golan},
       DOI = {10.1007/978-0-387-48899-8},
       URL = {https://doi.org/10.1007/978-0-387-48899-8},
}

@book {MR1838439,
    AUTHOR = {Lam, T. Y.},
     TITLE = {A first course in noncommutative rings},
    SERIES = {Graduate Texts in Mathematics},
    VOLUME = {131},
   EDITION = {Second},
 PUBLISHER = {Springer-Verlag, New York},
      YEAR = {2001},
     PAGES = {xx+385},
      ISBN = {0-387-95183-0},
   MRCLASS = {16-01},
  MRNUMBER = {1838439},
       DOI = {10.1007/978-1-4419-8616-0},
       URL = {https://doi.org/10.1007/978-1-4419-8616-0},
}


@book {MR600654,
    AUTHOR = {Hungerford, Thomas W.},
     TITLE = {Algebra},
    SERIES = {Graduate Texts in Mathematics},
    VOLUME = {73},
      NOTE = {Reprint of the 1974 original},
 PUBLISHER = {Springer-Verlag, New York-Berlin},
      YEAR = {1980},
     PAGES = {xxiii+502},
      ISBN = {0-387-90518-9},
   MRCLASS = {00A05 (15-01 16-01)},
  MRNUMBER = {600654},
}
@book {MR3308118,
    AUTHOR = {Bre\v{s}ar, Matej},
     TITLE = {Introduction to noncommutative algebra},
    SERIES = {Universitext},
 PUBLISHER = {Springer, Cham},
      YEAR = {2014},
     PAGES = {xxxviii+199},
      ISBN = {978-3-319-08692-7; 978-3-319-08693-4},
   MRCLASS = {16-01},
  MRNUMBER = {3308118},
MRREVIEWER = {Plamen Koshlukov},
       DOI = {10.1007/978-3-319-08693-4},
       URL = {https://doi.org/10.1007/978-3-319-08693-4},
}
@article {MR12271,
    AUTHOR = {Jacobson, N.},
     TITLE = {The radical and semi-simplicity for arbitrary rings},
   JOURNAL = {Amer. J. Math.},
  FJOURNAL = {American Journal of Mathematics},
    VOLUME = {67},
      YEAR = {1945},
     PAGES = {300--320},
      ISSN = {0002-9327},
   MRCLASS = {09.1X},
  MRNUMBER = {12271},
MRREVIEWER = {C. Chevalley},
       DOI = {10.2307/2371731},
       URL = {https://doi.org/10.2307/2371731},
}
@article {MR1879880,
    AUTHOR = {Smoktunowicz, Agata},
     TITLE = {On some results related to {K}\"{o}the's conjecture},
   JOURNAL = {Serdica Math. J.},
  FJOURNAL = {Serdica. Mathematical Journal. Serdika. Matematichesko
              Spisanie},
    VOLUME = {27},
      YEAR = {2001},
    NUMBER = {2},
     PAGES = {159--170},
      ISSN = {1310-6600},
   MRCLASS = {16N40},
  MRNUMBER = {1879880},
MRREVIEWER = {Miguel Ferrero},
}
@incollection {MR2275597,
    AUTHOR = {Smoktunowicz, Agata},
     TITLE = {Some results in noncommutative ring theory},
 BOOKTITLE = {International {C}ongress of {M}athematicians. {V}ol. {II}},
     PAGES = {259--269},
 PUBLISHER = {Eur. Math. Soc., Z\"{u}rich},
      YEAR = {2006},
   MRCLASS = {16-02 (16D60 16N20 16N40 16N60 16P90)},
  MRNUMBER = {2275597},
MRREVIEWER = {Jason P. Huffman},
}
@article {MR3169522,
    AUTHOR = {Nielsen, Pace P.},
     TITLE = {Simplifying {S}moktunowicz's extraordinary example},
   JOURNAL = {Comm. Algebra},
  FJOURNAL = {Communications in Algebra},
    VOLUME = {41},
      YEAR = {2013},
    NUMBER = {11},
     PAGES = {4339--4350},
      ISSN = {0092-7872},
   MRCLASS = {16N40 (16S36)},
  MRNUMBER = {3169522},
MRREVIEWER = {Francesco Catino},
       DOI = {10.1080/00927872.2012.695838},
       URL = {https://doi.org/10.1080/00927872.2012.695838},
}

@book {MR1449137,
    AUTHOR = {Herstein, I. N.},
     TITLE = {Noncommutative rings},
    SERIES = {Carus Mathematical Monographs},
    VOLUME = {15},
      NOTE = {Reprint of the 1968 original,
              With an afterword by Lance W. Small},
 PUBLISHER = {Mathematical Association of America, Washington, DC},
      YEAR = {1994},
     PAGES = {xii+202},
      ISBN = {0-88385-015-X},
   MRCLASS = {16-02},
  MRNUMBER = {1449137},
       URL =
              {http://links.jstor.org/sici?sici=0002-9890(199308/09)100:7<698:AFCINR>2.0.CO;2-I&origin=MSN},
}
@article {MR1793911,
    AUTHOR = {Smoktunowicz, Agata},
     TITLE = {Polynomial rings over nil rings need not be nil},
   JOURNAL = {J. Algebra},
  FJOURNAL = {Journal of Algebra},
    VOLUME = {233},
      YEAR = {2000},
    NUMBER = {2},
     PAGES = {427--436},
      ISSN = {0021-8693},
   MRCLASS = {16S36 (16N40)},
  MRNUMBER = {1793911},
MRREVIEWER = {J. Hausen},
       DOI = {10.1006/jabr.2000.8451},
       URL = {https://doi.org/10.1006/jabr.2000.8451},
}
@inproceedings {MR0347873,
    AUTHOR = {Amitsur, S. A.},
     TITLE = {Nil radicals. {H}istorical notes and some new results},
 BOOKTITLE = {Rings, modules and radicals ({P}roc. {I}nternat. {C}olloq.,
              {K}eszthely, 1971)},
     PAGES = {47--65. Colloq. Math. Soc. J\'{a}nos Bolyai, Vol. 6},
      YEAR = {1973},
   MRCLASS = {16A21},
  MRNUMBER = {0347873},
MRREVIEWER = {W. G. Leavitt},
       DOI = {10.1080/00031305.1972.10478958},
       URL = {https://doi.org/10.1080/00031305.1972.10478958},
}
@article {MR306251,
    AUTHOR = {Krempa, Jan},
     TITLE = {Logical connections between some open problems concerning nil
              rings},
   JOURNAL = {Fund. Math.},
  FJOURNAL = {Polska Akademia Nauk. Fundamenta Mathematicae},
    VOLUME = {76},
      YEAR = {1972},
    NUMBER = {2},
     PAGES = {121--130},
      ISSN = {0016-2736},
   MRCLASS = {16A22},
  MRNUMBER = {306251},
MRREVIEWER = {Susan Williamson},
       DOI = {10.4064/fm-76-2-121-130},
       URL = {https://doi.org/10.4064/fm-76-2-121-130},
}
@article {MR1545158,
    AUTHOR = {K\"{o}the, Gottfried},
     TITLE = {Die {S}truktur der {R}inge, deren {R}estklassenring nach dem
              {R}adikal vollst\"{a}ndig reduzibel ist},
   JOURNAL = {Math. Z.},
  FJOURNAL = {Mathematische Zeitschrift},
    VOLUME = {32},
      YEAR = {1930},
    NUMBER = {1},
     PAGES = {161--186},
      ISSN = {0025-5874},
   MRCLASS = {DML},
  MRNUMBER = {1545158},
       DOI = {10.1007/BF01194626},
       URL = {https://doi.org/10.1007/BF01194626},
}

@book {MR0222106,
    AUTHOR = {Jacobson, Nathan},
     TITLE = {Structure of rings},
    SERIES = {American Mathematical Society Colloquium Publications, Vol.
              37},
   EDITION = {Revised},
 PUBLISHER = {American Mathematical Society, Providence, R.I.},
      YEAR = {1964},
     PAGES = {ix+299},
   MRCLASS = {16.00 (13.00)},
  MRNUMBER = {0222106},
MRREVIEWER = {Carl Faith},
}

@article {MR188253,
    AUTHOR = {Herstein, I. N.},
     TITLE = {A counterexample in {N}oetherian rings},
   JOURNAL = {Proc. Nat. Acad. Sci. U.S.A.},
  FJOURNAL = {Proceedings of the National Academy of Sciences of the United
              States of America},
    VOLUME = {54},
      YEAR = {1965},
     PAGES = {1036--1037},
      ISSN = {0027-8424},
   MRCLASS = {16.25 (16.49)},
  MRNUMBER = {188253},
MRREVIEWER = {Robert Gilmer},
       DOI = {10.1073/pnas.54.4.1036},
       URL = {https://doi.org/10.1073/pnas.54.4.1036},
}
